Trade_Time,Price_USD,Volume_BTC,Symbol
2025-09-30 03:16:32.468,114318.7,0.004,BTCUSDT
2025-09-30 03:16:32.633,114318.6,0.003,BTCUSDT
2025-09-30 03:16:32.721,114318.7,0.131,BTCUSDT
2025-09-30 03:16:32.825,114318.6,0.044,BTCUSDT
2025-09-30 03:16:32.984,114318.7,0.005,BTCUSDT
2025-09-30 03:16:33.874,114318.6,0.012,BTCUSDT
2025-09-30 03:16:33.874,114318.6,0.026,BTCUSDT
2025-09-30 03:16:33.874,114318.6,0.003,BTCUSDT
2025-09-30 03:16:33.874,114318.6,0.002,BTCUSDT
2025-09-30 03:16:33.874,114318.6,0.001,BTCUSDT
2025-09-30 03:16:34.841,114318.6,0.007,BTCUSDT
2025-09-30 03:16:34.841,114318.6,0.002,BTCUSDT
2025-09-30 03:16:34.841,114318.6,0.001,BTCUSDT
2025-09-30 03:16:34.841,114318.6,0.033,BTCUSDT
2025-09-30 03:16:34.990,114318.7,0.001,BTCUSDT
2025-09-30 03:16:35.355,114318.7,0.014,BTCUSDT
2025-09-30 03:16:35.477,114318.7,0.002,BTCUSDT
2025-09-30 03:16:35.747,114318.6,0.037,BTCUSDT
2025-09-30 03:16:35.747,114318.6,0.006,BTCUSDT
2025-09-30 03:16:36.630,114318.7,0.007,BTCUSDT
2025-09-30 03:16:36.716,114318.6,0.043,BTCUSDT
2025-09-30 03:16:36.949,114318.6,0.021,BTCUSDT
2025-09-30 03:16:36.949,114318.6,0.009,BTCUSDT
2025-09-30 03:16:36.949,114318.6,0.043,BTCUSDT
2025-09-30 03:16:37.091,114318.6,0.152,BTCUSDT
2025-09-30 03:16:37.461,114318.6,0.011,BTCUSDT
2025-09-30 03:16:37.531,114318.6,0.001,BTCUSDT
2025-09-30 03:16:37.809,114318.6,0.043,BTCUSDT
2025-09-30 03:16:37.910,114318.6,0.04,BTCUSDT
2025-09-30 03:16:38.050,114318.6,0.096,BTCUSDT
2025-09-30 03:16:38.353,114318.7,0.001,BTCUSDT
2025-09-30 03:16:38.478,114318.7,0.006,BTCUSDT
2025-09-30 03:16:38.867,114318.6,0.01,BTCUSDT
2025-09-30 03:16:38.867,114318.6,0.002,BTCUSDT
2025-09-30 03:16:38.867,114318.6,0.003,BTCUSDT
2025-09-30 03:16:38.867,114318.6,0.001,BTCUSDT
2025-09-30 03:16:38.867,114318.6,0.013,BTCUSDT
2025-09-30 03:16:38.867,114318.6,0.008,BTCUSDT
2025-09-30 03:16:38.868,114318.6,0.007,BTCUSDT
2025-09-30 03:16:39.112,114318.7,0.001,BTCUSDT
2025-09-30 03:16:39.257,114318.6,0.001,BTCUSDT
2025-09-30 03:16:39.360,114318.7,0.009,BTCUSDT
2025-09-30 03:16:39.445,114318.6,0.001,BTCUSDT
2025-09-30 03:16:39.894,114318.6,0.007,BTCUSDT
2025-09-30 03:16:39.894,114318.6,0.001,BTCUSDT
2025-09-30 03:16:39.894,114318.6,0.016,BTCUSDT
2025-09-30 03:16:39.894,114318.6,0.016,BTCUSDT
2025-09-30 03:16:39.894,114318.6,0.003,BTCUSDT
2025-09-30 03:16:40.367,114318.6,0.031,BTCUSDT
2025-09-30 03:16:40.369,114318.6,0.012,BTCUSDT
2025-09-30 03:16:40.370,114318.6,0.024,BTCUSDT
2025-09-30 03:16:40.370,114318.6,0.021,BTCUSDT
2025-09-30 03:16:40.373,114318.6,0.049,BTCUSDT
2025-09-30 03:16:40.373,114318.6,0.058,BTCUSDT
2025-09-30 03:16:40.374,114318.6,0.006,BTCUSDT
2025-09-30 03:16:40.375,114318.6,0.002,BTCUSDT
2025-09-30 03:16:40.375,114318.6,0.022,BTCUSDT
2025-09-30 03:16:40.376,114318.6,0.226,BTCUSDT
2025-09-30 03:16:40.376,114318.6,0.073,BTCUSDT
2025-09-30 03:16:40.376,114318.6,0.045,BTCUSDT
2025-09-30 03:16:40.376,114318.6,0.003,BTCUSDT
2025-09-30 03:16:40.376,114318.6,0.041,BTCUSDT
2025-09-30 03:16:40.377,114318.6,0.037,BTCUSDT
2025-09-30 03:16:40.377,114318.6,0.07,BTCUSDT
2025-09-30 03:16:40.377,114318.6,0.001,BTCUSDT
2025-09-30 03:16:40.377,114318.6,0.03,BTCUSDT
2025-09-30 03:16:40.377,114318.6,0.002,BTCUSDT
2025-09-30 03:16:40.396,114318.6,0.038,BTCUSDT
2025-09-30 03:16:40.396,114318.6,0.024,BTCUSDT
2025-09-30 03:16:40.396,114318.6,0.001,BTCUSDT
2025-09-30 03:16:40.396,114318.6,0.002,BTCUSDT
2025-09-30 03:16:40.396,114318.6,0.001,BTCUSDT
2025-09-30 03:16:40.396,114318.6,0.001,BTCUSDT
2025-09-30 03:16:40.396,114318.6,0.07,BTCUSDT
2025-09-30 03:16:40.396,114318.6,0.001,BTCUSDT
2025-09-30 03:16:40.396,114318.6,0.009,BTCUSDT
2025-09-30 03:16:40.396,114318.6,0.07,BTCUSDT
2025-09-30 03:16:40.396,114318.6,0.426,BTCUSDT
2025-09-30 03:16:40.396,114318.6,0.03,BTCUSDT
2025-09-30 03:16:40.396,114318.6,0.024,BTCUSDT
2025-09-30 03:16:40.396,114318.6,0.024,BTCUSDT
2025-09-30 03:16:40.396,114318.6,0.023,BTCUSDT
2025-09-30 03:16:40.396,114318.6,0.011,BTCUSDT
2025-09-30 03:16:40.396,114318.6,0.025,BTCUSDT
2025-09-30 03:16:40.396,114318.6,0.002,BTCUSDT
2025-09-30 03:16:40.396,114318.6,0.009,BTCUSDT
2025-09-30 03:16:40.396,114318.6,0.014,BTCUSDT
2025-09-30 03:16:40.396,114318.6,0.002,BTCUSDT
2025-09-30 03:16:40.396,114318.6,0.051,BTCUSDT
2025-09-30 03:16:40.396,114318.6,0.003,BTCUSDT
2025-09-30 03:16:40.396,114318.6,0.07,BTCUSDT
2025-09-30 03:16:40.396,114318.6,0.002,BTCUSDT
2025-09-30 03:16:40.397,114318.6,0.068,BTCUSDT
2025-09-30 03:16:40.397,114318.6,0.002,BTCUSDT
2025-09-30 03:16:40.397,114318.6,0.07,BTCUSDT
2025-09-30 03:16:40.397,114318.5,0.001,BTCUSDT
2025-09-30 03:16:40.397,114318.5,0.001,BTCUSDT
2025-09-30 03:16:40.397,114318.5,0.003,BTCUSDT
2025-09-30 03:16:40.397,114318.5,0.001,BTCUSDT
2025-09-30 03:16:40.397,114318.5,0.001,BTCUSDT
2025-09-30 03:16:40.397,114318.5,0.002,BTCUSDT
2025-09-30 03:16:40.397,114318.5,0.005,BTCUSDT
2025-09-30 03:16:40.397,114318.5,0.001,BTCUSDT
2025-09-30 03:16:40.397,114318.5,0.005,BTCUSDT
2025-09-30 03:16:40.397,114318.5,0.004,BTCUSDT
2025-09-30 03:16:40.397,114318.4,0.002,BTCUSDT
2025-09-30 03:16:40.397,114318.4,0.007,BTCUSDT
2025-09-30 03:16:40.397,114318.2,0.016,BTCUSDT
2025-09-30 03:16:40.397,114318.1,0.016,BTCUSDT
2025-09-30 03:16:40.397,114318.0,0.001,BTCUSDT
2025-09-30 03:16:40.397,114318.0,0.002,BTCUSDT
2025-09-30 03:16:40.397,114318.0,0.002,BTCUSDT
2025-09-30 03:16:40.397,114317.9,0.005,BTCUSDT
2025-09-30 03:16:40.397,114317.3,0.002,BTCUSDT
2025-09-30 03:16:40.397,114317.1,0.001,BTCUSDT
2025-09-30 03:16:40.397,114317.0,0.002,BTCUSDT
2025-09-30 03:16:40.397,114316.6,0.002,BTCUSDT
2025-09-30 03:16:40.397,114316.6,0.011,BTCUSDT
2025-09-30 03:16:40.397,114316.4,0.001,BTCUSDT
2025-09-30 03:16:40.397,114316.4,0.002,BTCUSDT
2025-09-30 03:16:40.397,114316.2,0.04,BTCUSDT
2025-09-30 03:16:40.402,114315.8,0.002,BTCUSDT
2025-09-30 03:16:40.402,114315.8,0.002,BTCUSDT
2025-09-30 03:16:40.402,114315.7,0.001,BTCUSDT
2025-09-30 03:16:40.402,114315.3,0.001,BTCUSDT
2025-09-30 03:16:40.402,114315.2,0.002,BTCUSDT
2025-09-30 03:16:40.402,114315.0,0.002,BTCUSDT
2025-09-30 03:16:40.402,114315.0,0.006,BTCUSDT
2025-09-30 03:16:40.402,114314.7,0.002,BTCUSDT
2025-09-30 03:16:40.402,114314.7,0.001,BTCUSDT
2025-09-30 03:16:40.436,114314.6,0.001,BTCUSDT
2025-09-30 03:16:40.436,114314.6,0.153,BTCUSDT
2025-09-30 03:16:40.436,114314.6,0.043,BTCUSDT
2025-09-30 03:16:40.438,114314.6,0.139,BTCUSDT
2025-09-30 03:16:40.438,114314.6,0.058,BTCUSDT
2025-09-30 03:16:40.544,114314.7,0.036,BTCUSDT
2025-09-30 03:16:40.559,114314.6,0.033,BTCUSDT
2025-09-30 03:16:40.569,114314.6,0.057,BTCUSDT
2025-09-30 03:16:40.569,114314.6,0.003,BTCUSDT
2025-09-30 03:16:40.569,114314.6,0.07,BTCUSDT
2025-09-30 03:16:40.569,114314.6,0.07,BTCUSDT
2025-09-30 03:16:40.569,114314.6,0.003,BTCUSDT
2025-09-30 03:16:40.569,114314.6,0.009,BTCUSDT
2025-09-30 03:16:40.569,114314.6,0.07,BTCUSDT
2025-09-30 03:16:40.569,114314.6,0.07,BTCUSDT
2025-09-30 03:16:40.569,114314.6,0.07,BTCUSDT
2025-09-30 03:16:40.569,114314.6,0.033,BTCUSDT
2025-09-30 03:16:40.570,114314.6,0.411,BTCUSDT
2025-09-30 03:16:40.570,114314.6,0.001,BTCUSDT
2025-09-30 03:16:40.570,114314.6,0.002,BTCUSDT
2025-09-30 03:16:40.570,114314.6,0.002,BTCUSDT
2025-09-30 03:16:40.570,114314.6,0.001,BTCUSDT
2025-09-30 03:16:40.570,114314.6,0.001,BTCUSDT
2025-09-30 03:16:40.570,114314.5,0.001,BTCUSDT
2025-09-30 03:16:40.570,114314.5,0.001,BTCUSDT
2025-09-30 03:16:40.570,114314.5,0.001,BTCUSDT
2025-09-30 03:16:40.576,114314.0,0.003,BTCUSDT
2025-09-30 03:16:40.592,114313.9,0.1,BTCUSDT
2025-09-30 03:16:40.592,114313.9,0.001,BTCUSDT
2025-09-30 03:16:40.592,114313.9,0.001,BTCUSDT
2025-09-30 03:16:40.592,114313.9,0.095,BTCUSDT
2025-09-30 03:16:40.592,114313.9,0.057,BTCUSDT
2025-09-30 03:16:40.592,114313.8,0.001,BTCUSDT
2025-09-30 03:16:40.592,114313.7,0.002,BTCUSDT
2025-09-30 03:16:40.592,114313.7,0.002,BTCUSDT
2025-09-30 03:16:40.592,114313.3,0.07,BTCUSDT
2025-09-30 03:16:40.592,114313.2,0.001,BTCUSDT
2025-09-30 03:16:40.592,114313.2,0.001,BTCUSDT
2025-09-30 03:16:40.592,114313.0,0.002,BTCUSDT
2025-09-30 03:16:40.592,114313.0,0.001,BTCUSDT
2025-09-30 03:16:40.592,114312.6,0.001,BTCUSDT
2025-09-30 03:16:40.592,114312.6,0.002,BTCUSDT
2025-09-30 03:16:40.592,114312.6,0.002,BTCUSDT
2025-09-30 03:16:40.592,114312.5,0.001,BTCUSDT
2025-09-30 03:16:40.592,114312.3,0.002,BTCUSDT
2025-09-30 03:16:40.592,114312.0,0.001,BTCUSDT
2025-09-30 03:16:40.592,114311.7,0.002,BTCUSDT
2025-09-30 03:16:40.609,114311.4,0.002,BTCUSDT
2025-09-30 03:16:40.609,114311.4,0.008,BTCUSDT
2025-09-30 03:16:40.656,114311.4,0.158,BTCUSDT
2025-09-30 03:16:40.656,114311.4,0.164,BTCUSDT
2025-09-30 03:16:40.656,114311.4,0.109,BTCUSDT
2025-09-30 03:16:40.656,114311.4,0.066,BTCUSDT
2025-09-30 03:16:40.656,114311.4,0.07,BTCUSDT
2025-09-30 03:16:40.656,114311.4,0.07,BTCUSDT
2025-09-30 03:16:40.656,114311.4,0.001,BTCUSDT
2025-09-30 03:16:40.656,114311.4,0.07,BTCUSDT
2025-09-30 03:16:40.656,114311.4,0.07,BTCUSDT
2025-09-30 03:16:40.656,114311.4,0.07,BTCUSDT
2025-09-30 03:16:40.656,114311.4,0.001,BTCUSDT
2025-09-30 03:16:40.656,114311.4,0.002,BTCUSDT
2025-09-30 03:16:40.656,114311.4,0.001,BTCUSDT
2025-09-30 03:16:40.656,114311.3,0.001,BTCUSDT
2025-09-30 03:16:40.656,114311.3,0.001,BTCUSDT
2025-09-30 03:16:40.656,114310.5,0.001,BTCUSDT
2025-09-30 03:16:40.662,114310.3,0.07,BTCUSDT
2025-09-30 03:16:40.662,114310.3,0.001,BTCUSDT
2025-09-30 03:16:40.662,114310.3,0.643,BTCUSDT
2025-09-30 03:16:40.662,114310.3,0.07,BTCUSDT
2025-09-30 03:16:40.662,114310.2,0.001,BTCUSDT
2025-09-30 03:16:40.662,114310.0,0.001,BTCUSDT
2025-09-30 03:16:40.662,114309.9,0.002,BTCUSDT
2025-09-30 03:16:40.662,114309.7,0.001,BTCUSDT
2025-09-30 03:16:40.662,114309.3,0.002,BTCUSDT
2025-09-30 03:16:40.662,114308.7,0.001,BTCUSDT
2025-09-30 03:16:40.662,114308.7,0.003,BTCUSDT
2025-09-30 03:16:40.662,114308.6,0.001,BTCUSDT
2025-09-30 03:16:40.662,114308.5,0.002,BTCUSDT
2025-09-30 03:16:40.662,114308.4,0.002,BTCUSDT
2025-09-30 03:16:40.662,114308.2,0.001,BTCUSDT
2025-09-30 03:16:40.662,114308.1,0.002,BTCUSDT
2025-09-30 03:16:40.662,114308.0,0.002,BTCUSDT
2025-09-30 03:16:40.662,114308.0,0.002,BTCUSDT
2025-09-30 03:16:40.662,114307.8,0.002,BTCUSDT
2025-09-30 03:16:40.662,114307.2,0.001,BTCUSDT
2025-09-30 03:16:40.662,114307.2,0.002,BTCUSDT
2025-09-30 03:16:40.662,114307.0,0.002,BTCUSDT
2025-09-30 03:16:40.662,114307.0,0.001,BTCUSDT
2025-09-30 03:16:40.662,114306.9,0.001,BTCUSDT
2025-09-30 03:16:40.662,114306.8,0.001,BTCUSDT
2025-09-30 03:16:40.662,114306.7,0.001,BTCUSDT
2025-09-30 03:16:40.699,114306.6,0.074,BTCUSDT
2025-09-30 03:16:40.721,114306.7,0.056,BTCUSDT
2025-09-30 03:16:40.782,114306.7,0.1,BTCUSDT
2025-09-30 03:16:40.912,114306.6,0.043,BTCUSDT
2025-09-30 03:16:40.960,114306.7,0.039,BTCUSDT
2025-09-30 03:16:41.097,114306.7,0.1,BTCUSDT
2025-09-30 03:16:41.644,114306.6,0.003,BTCUSDT
2025-09-30 03:16:41.913,114306.6,0.043,BTCUSDT
2025-09-30 03:16:42.649,114306.6,0.003,BTCUSDT
2025-09-30 03:16:42.973,114306.6,0.021,BTCUSDT
2025-09-30 03:16:42.973,114306.6,0.022,BTCUSDT
2025-09-30 03:16:43.156,114306.7,0.002,BTCUSDT
2025-09-30 03:16:43.620,114306.6,0.017,BTCUSDT
2025-09-30 03:16:43.655,114306.6,0.004,BTCUSDT
2025-09-30 03:16:43.669,114306.7,0.001,BTCUSDT
2025-09-30 03:16:43.669,114306.7,0.001,BTCUSDT
2025-09-30 03:16:43.669,114306.7,0.001,BTCUSDT
2025-09-30 03:16:43.669,114306.7,0.001,BTCUSDT
2025-09-30 03:16:43.669,114306.7,0.001,BTCUSDT
2025-09-30 03:16:43.669,114306.7,0.002,BTCUSDT
2025-09-30 03:16:43.669,114306.7,0.116,BTCUSDT
2025-09-30 03:16:43.669,114306.7,0.005,BTCUSDT
2025-09-30 03:16:43.669,114306.7,0.001,BTCUSDT
2025-09-30 03:16:43.669,114306.7,0.001,BTCUSDT
2025-09-30 03:16:43.669,114306.7,0.001,BTCUSDT
2025-09-30 03:16:43.669,114306.7,0.001,BTCUSDT
2025-09-30 03:16:43.669,114306.7,0.006,BTCUSDT
2025-09-30 03:16:43.669,114306.7,0.043,BTCUSDT
2025-09-30 03:16:43.670,114306.7,0.002,BTCUSDT
2025-09-30 03:16:43.670,114306.7,0.005,BTCUSDT
2025-09-30 03:16:43.670,114306.7,0.002,BTCUSDT
2025-09-30 03:16:43.670,114306.7,0.005,BTCUSDT
2025-09-30 03:16:43.670,114306.7,0.001,BTCUSDT
2025-09-30 03:16:43.670,114306.7,0.001,BTCUSDT
2025-09-30 03:16:43.670,114306.7,0.087,BTCUSDT
2025-09-30 03:16:43.670,114306.7,0.003,BTCUSDT
2025-09-30 03:16:43.670,114306.7,0.002,BTCUSDT
2025-09-30 03:16:43.670,114306.7,0.002,BTCUSDT
2025-09-30 03:16:43.670,114306.7,0.006,BTCUSDT
2025-09-30 03:16:43.670,114306.7,0.004,BTCUSDT
2025-09-30 03:16:43.670,114306.7,0.002,BTCUSDT
2025-09-30 03:16:43.670,114306.7,0.142,BTCUSDT
2025-09-30 03:16:43.670,114306.7,0.027,BTCUSDT
2025-09-30 03:16:43.670,114306.7,0.006,BTCUSDT
2025-09-30 03:16:43.670,114306.7,0.006,BTCUSDT
2025-09-30 03:16:43.670,114306.7,0.006,BTCUSDT
2025-09-30 03:16:43.670,114306.7,0.015,BTCUSDT
2025-09-30 03:16:43.670,114306.7,0.006,BTCUSDT
2025-09-30 03:16:43.670,114306.7,0.006,BTCUSDT
2025-09-30 03:16:43.670,114306.7,0.004,BTCUSDT
2025-09-30 03:16:43.670,114306.7,0.004,BTCUSDT
2025-09-30 03:16:43.670,114306.7,0.002,BTCUSDT
2025-09-30 03:16:43.670,114306.7,0.006,BTCUSDT
2025-09-30 03:16:43.670,114306.8,0.002,BTCUSDT
2025-09-30 03:16:43.670,114306.8,0.001,BTCUSDT
2025-09-30 03:16:43.670,114306.8,0.001,BTCUSDT
2025-09-30 03:16:43.670,114307.2,0.001,BTCUSDT
2025-09-30 03:16:43.670,114307.3,0.002,BTCUSDT
2025-09-30 03:16:43.670,114307.9,0.002,BTCUSDT
2025-09-30 03:16:43.672,114308.9,0.002,BTCUSDT
2025-09-30 03:16:43.672,114308.9,0.001,BTCUSDT
2025-09-30 03:16:43.672,114309.0,0.001,BTCUSDT
2025-09-30 03:16:43.672,114309.1,0.002,BTCUSDT
2025-09-30 03:16:43.672,114309.4,0.001,BTCUSDT
2025-09-30 03:16:43.672,114309.4,0.001,BTCUSDT
2025-09-30 03:16:43.672,114309.5,0.001,BTCUSDT
2025-09-30 03:16:43.672,114309.5,0.001,BTCUSDT
2025-09-30 03:16:43.672,114309.6,0.094,BTCUSDT
2025-09-30 03:16:43.672,114309.6,0.866,BTCUSDT
2025-09-30 03:16:43.672,114309.8,0.002,BTCUSDT
2025-09-30 03:16:43.672,114310.0,0.001,BTCUSDT
2025-09-30 03:16:43.672,114310.0,0.002,BTCUSDT
2025-09-30 03:16:43.672,114310.3,0.178,BTCUSDT
2025-09-30 03:16:43.672,114310.3,0.003,BTCUSDT
2025-09-30 03:16:43.672,114310.4,0.002,BTCUSDT
2025-09-30 03:16:43.672,114310.4,0.054,BTCUSDT
2025-09-30 03:16:43.675,114310.4,0.075,BTCUSDT
2025-09-30 03:16:43.675,114310.4,0.001,BTCUSDT
2025-09-30 03:16:43.675,114310.4,0.002,BTCUSDT
2025-09-30 03:16:43.675,114310.4,0.002,BTCUSDT
2025-09-30 03:16:43.675,114310.4,0.001,BTCUSDT
2025-09-30 03:16:43.675,114310.5,0.178,BTCUSDT
2025-09-30 03:16:43.675,114310.6,0.002,BTCUSDT
2025-09-30 03:16:43.675,114310.6,0.007,BTCUSDT
2025-09-30 03:16:43.675,114310.7,0.019,BTCUSDT
2025-09-30 03:16:43.675,114310.7,0.008,BTCUSDT
2025-09-30 03:16:43.676,114310.7,0.006,BTCUSDT
2025-09-30 03:16:43.676,114311.0,0.001,BTCUSDT
2025-09-30 03:16:43.676,114311.5,0.002,BTCUSDT
2025-09-30 03:16:43.676,114311.6,0.003,BTCUSDT
2025-09-30 03:16:43.676,114311.7,0.002,BTCUSDT
2025-09-30 03:16:43.676,114311.7,0.003,BTCUSDT
2025-09-30 03:16:43.676,114311.8,0.074,BTCUSDT
2025-09-30 03:16:43.676,114311.8,0.66,BTCUSDT
2025-09-30 03:16:43.676,114311.9,0.005,BTCUSDT
2025-09-30 03:16:43.676,114311.9,0.003,BTCUSDT
2025-09-30 03:16:43.676,114312.0,0.077,BTCUSDT
2025-09-30 03:16:43.676,114312.1,0.002,BTCUSDT
2025-09-30 03:16:43.676,114312.2,0.003,BTCUSDT
2025-09-30 03:16:43.676,114312.3,0.001,BTCUSDT
2025-09-30 03:16:43.676,114312.3,0.077,BTCUSDT
2025-09-30 03:16:43.676,114312.4,0.06,BTCUSDT
2025-09-30 03:16:43.676,114312.4,0.001,BTCUSDT
2025-09-30 03:16:43.676,114312.4,0.001,BTCUSDT
2025-09-30 03:16:43.676,114312.4,0.422,BTCUSDT
2025-09-30 03:16:43.676,114312.4,0.179,BTCUSDT
2025-09-30 03:16:43.677,114312.4,0.002,BTCUSDT
2025-09-30 03:16:43.677,114312.4,0.001,BTCUSDT
2025-09-30 03:16:43.677,114312.5,0.002,BTCUSDT
2025-09-30 03:16:43.677,114312.6,0.001,BTCUSDT
2025-09-30 03:16:43.677,114312.8,0.002,BTCUSDT
2025-09-30 03:16:43.677,114312.8,0.002,BTCUSDT
2025-09-30 03:16:43.677,114313.0,0.001,BTCUSDT
2025-09-30 03:16:43.677,114313.1,0.065,BTCUSDT
2025-09-30 03:16:43.677,114313.4,0.002,BTCUSDT
2025-09-30 03:16:43.677,114313.5,0.001,BTCUSDT
2025-09-30 03:16:43.677,114313.9,0.002,BTCUSDT
2025-09-30 03:16:43.677,114314.0,0.002,BTCUSDT
2025-09-30 03:16:43.677,114314.0,0.001,BTCUSDT
2025-09-30 03:16:43.677,114314.0,0.001,BTCUSDT
2025-09-30 03:16:43.677,114314.1,0.001,BTCUSDT
2025-09-30 03:16:43.677,114314.1,0.399,BTCUSDT
2025-09-30 03:16:43.684,114314.1,0.028,BTCUSDT
2025-09-30 03:16:43.684,114314.1,0.001,BTCUSDT
2025-09-30 03:16:43.684,114314.1,0.066,BTCUSDT
2025-09-30 03:16:43.684,114314.1,0.001,BTCUSDT
2025-09-30 03:16:43.684,114314.1,0.001,BTCUSDT
2025-09-30 03:16:43.684,114314.2,0.087,BTCUSDT
2025-09-30 03:16:43.684,114314.4,0.001,BTCUSDT
2025-09-30 03:16:43.684,114314.6,0.442,BTCUSDT
2025-09-30 03:16:43.684,114314.7,0.002,BTCUSDT
2025-09-30 03:16:43.684,114314.7,0.009,BTCUSDT
2025-09-30 03:16:43.684,114314.7,0.434,BTCUSDT
2025-09-30 03:16:43.684,114314.7,0.001,BTCUSDT
2025-09-30 03:16:43.684,114314.8,0.002,BTCUSDT
2025-09-30 03:16:43.684,114314.8,0.403,BTCUSDT
2025-09-30 03:16:43.694,114314.8,0.041,BTCUSDT
2025-09-30 03:16:43.694,114314.8,0.041,BTCUSDT
2025-09-30 03:16:43.702,114314.8,0.041,BTCUSDT
2025-09-30 03:16:43.801,114314.7,0.017,BTCUSDT
2025-09-30 03:16:43.986,114314.7,0.043,BTCUSDT
2025-09-30 03:16:43.988,114314.7,0.017,BTCUSDT
2025-09-30 03:16:44.034,114314.8,0.001,BTCUSDT
2025-09-30 03:16:44.034,114314.8,0.007,BTCUSDT
2025-09-30 03:16:44.139,114314.7,0.017,BTCUSDT
2025-09-30 03:16:44.226,114314.7,0.017,BTCUSDT
2025-09-30 03:16:44.294,114314.7,0.017,BTCUSDT
2025-09-30 03:16:44.391,114314.7,0.017,BTCUSDT
2025-09-30 03:16:44.409,114314.7,0.018,BTCUSDT
2025-09-30 03:16:44.410,114314.7,0.017,BTCUSDT
2025-09-30 03:16:44.412,114314.7,0.086,BTCUSDT
2025-09-30 03:16:44.418,114314.7,0.007,BTCUSDT
2025-09-30 03:16:44.496,114314.7,0.011,BTCUSDT
2025-09-30 03:16:44.521,114314.7,0.01,BTCUSDT
2025-09-30 03:16:44.522,114314.7,0.029,BTCUSDT
2025-09-30 03:16:44.522,114314.7,0.01,BTCUSDT
2025-09-30 03:16:44.522,114314.7,0.017,BTCUSDT
2025-09-30 03:16:44.523,114314.7,0.023,BTCUSDT
2025-09-30 03:16:44.525,114314.7,0.013,BTCUSDT
2025-09-30 03:16:44.526,114314.7,0.016,BTCUSDT
2025-09-30 03:16:44.526,114314.7,0.002,BTCUSDT
2025-09-30 03:16:44.537,114314.7,0.017,BTCUSDT
2025-09-30 03:16:44.560,114314.7,0.017,BTCUSDT
2025-09-30 03:16:44.704,114314.8,0.001,BTCUSDT
2025-09-30 03:16:44.705,114314.8,0.001,BTCUSDT
2025-09-30 03:16:44.705,114314.8,0.001,BTCUSDT
2025-09-30 03:16:44.705,114314.8,0.01,BTCUSDT
2025-09-30 03:16:44.705,114314.8,0.001,BTCUSDT
2025-09-30 03:16:44.705,114314.8,0.001,BTCUSDT
2025-09-30 03:16:44.705,114314.8,0.002,BTCUSDT
2025-09-30 03:16:44.705,114314.8,0.087,BTCUSDT
2025-09-30 03:16:44.705,114314.8,0.087,BTCUSDT
2025-09-30 03:16:44.705,114314.8,0.001,BTCUSDT
2025-09-30 03:16:44.705,114314.8,0.25,BTCUSDT
2025-09-30 03:16:44.705,114314.8,0.349,BTCUSDT
2025-09-30 03:16:44.705,114314.8,0.087,BTCUSDT
2025-09-30 03:16:44.705,114314.8,0.087,BTCUSDT
2025-09-30 03:16:44.705,114314.8,0.357,BTCUSDT
2025-09-30 03:16:44.705,114314.8,0.162,BTCUSDT
2025-09-30 03:16:44.707,114314.8,0.311,BTCUSDT
2025-09-30 03:16:44.707,114314.8,0.001,BTCUSDT
2025-09-30 03:16:44.707,114314.8,0.15,BTCUSDT
2025-09-30 03:16:44.707,114314.8,0.15,BTCUSDT
2025-09-30 03:16:44.707,114314.8,0.006,BTCUSDT
2025-09-30 03:16:44.707,114314.8,0.004,BTCUSDT
2025-09-30 03:16:44.707,114314.8,0.002,BTCUSDT
2025-09-30 03:16:44.707,114314.8,0.002,BTCUSDT
2025-09-30 03:16:44.707,114314.8,0.006,BTCUSDT
2025-09-30 03:16:44.707,114314.8,0.006,BTCUSDT
2025-09-30 03:16:44.707,114314.8,0.049,BTCUSDT
2025-09-30 03:16:44.707,114314.8,0.006,BTCUSDT
2025-09-30 03:16:44.707,114314.8,0.004,BTCUSDT
2025-09-30 03:16:44.707,114314.8,0.001,BTCUSDT
2025-09-30 03:16:44.707,114314.9,0.001,BTCUSDT
2025-09-30 03:16:44.707,114314.9,0.001,BTCUSDT
2025-09-30 03:16:44.707,114314.9,0.002,BTCUSDT
2025-09-30 03:16:44.707,114314.9,0.001,BTCUSDT
2025-09-30 03:16:44.707,114315.3,0.002,BTCUSDT
2025-09-30 03:16:44.707,114315.3,0.001,BTCUSDT
2025-09-30 03:16:44.707,114315.9,0.002,BTCUSDT
2025-09-30 03:16:44.707,114315.9,0.02,BTCUSDT
2025-09-30 03:16:44.707,114315.9,0.062,BTCUSDT
2025-09-30 03:16:44.707,114315.9,0.002,BTCUSDT
2025-09-30 03:16:44.707,114316.4,0.001,BTCUSDT
2025-09-30 03:16:44.707,114316.5,0.002,BTCUSDT
2025-09-30 03:16:44.707,114317.0,0.001,BTCUSDT
2025-09-30 03:16:44.707,114317.1,0.002,BTCUSDT
2025-09-30 03:16:44.707,114317.1,0.001,BTCUSDT
2025-09-30 03:16:44.707,114317.5,0.002,BTCUSDT
2025-09-30 03:16:44.707,114317.6,0.005,BTCUSDT
2025-09-30 03:16:44.707,114317.6,0.001,BTCUSDT
2025-09-30 03:16:44.707,114317.6,0.214,BTCUSDT
2025-09-30 03:16:44.707,114317.7,0.001,BTCUSDT
2025-09-30 03:16:44.712,114317.7,0.095,BTCUSDT
2025-09-30 03:16:44.713,114317.7,0.119,BTCUSDT
2025-09-30 03:16:44.714,114317.7,0.119,BTCUSDT
2025-09-30 03:16:44.717,114317.7,0.125,BTCUSDT
2025-09-30 03:16:44.718,114317.7,0.272,BTCUSDT
2025-09-30 03:16:44.718,114317.7,0.139,BTCUSDT
2025-09-30 03:16:44.719,114317.7,0.11,BTCUSDT
2025-09-30 03:16:44.720,114317.7,0.03,BTCUSDT
2025-09-30 03:16:44.720,114317.7,0.002,BTCUSDT
2025-09-30 03:16:44.720,114317.7,0.006,BTCUSDT
2025-09-30 03:16:44.720,114318.0,0.001,BTCUSDT
2025-09-30 03:16:44.720,114318.1,0.002,BTCUSDT
2025-09-30 03:16:44.720,114318.1,0.001,BTCUSDT
2025-09-30 03:16:44.720,114318.2,0.003,BTCUSDT
2025-09-30 03:16:44.720,114318.2,0.007,BTCUSDT
2025-09-30 03:16:44.720,114318.3,0.002,BTCUSDT
2025-09-30 03:16:44.720,114318.4,0.002,BTCUSDT
2025-09-30 03:16:44.720,114318.6,0.001,BTCUSDT
2025-09-30 03:16:44.720,114318.6,0.001,BTCUSDT
2025-09-30 03:16:44.720,114318.7,0.001,BTCUSDT
2025-09-30 03:16:44.720,114318.7,0.001,BTCUSDT
2025-09-30 03:16:44.720,114318.7,0.002,BTCUSDT
2025-09-30 03:16:44.720,114318.7,0.023,BTCUSDT
2025-09-30 03:16:44.720,114318.7,0.01,BTCUSDT
2025-09-30 03:16:44.720,114318.7,0.005,BTCUSDT
2025-09-30 03:16:44.720,114318.7,0.02,BTCUSDT
2025-09-30 03:16:44.720,114318.7,0.034,BTCUSDT
2025-09-30 03:16:44.720,114318.7,0.021,BTCUSDT
2025-09-30 03:16:44.720,114318.7,0.104,BTCUSDT
2025-09-30 03:16:44.720,114318.7,0.02,BTCUSDT
2025-09-30 03:16:44.720,114318.7,0.01,BTCUSDT
2025-09-30 03:16:44.720,114318.7,0.041,BTCUSDT
2025-09-30 03:16:44.720,114318.7,0.005,BTCUSDT
2025-09-30 03:16:44.720,114318.7,0.018,BTCUSDT
2025-09-30 03:16:44.720,114318.7,0.001,BTCUSDT
2025-09-30 03:16:44.720,114318.7,0.002,BTCUSDT
2025-09-30 03:16:44.720,114318.7,0.001,BTCUSDT
2025-09-30 03:16:44.720,114318.7,0.003,BTCUSDT
2025-09-30 03:16:44.720,114318.8,0.019,BTCUSDT
2025-09-30 03:16:44.720,114318.9,0.002,BTCUSDT
2025-09-30 03:16:44.720,114319.2,0.002,BTCUSDT
2025-09-30 03:16:44.720,114319.2,0.001,BTCUSDT
2025-09-30 03:16:44.720,114319.3,0.873,BTCUSDT
2025-09-30 03:16:44.720,114319.3,0.09,BTCUSDT
2025-09-30 03:16:44.732,114319.3,0.626,BTCUSDT
2025-09-30 03:16:44.733,114319.3,0.006,BTCUSDT
2025-09-30 03:16:44.734,114319.3,0.085,BTCUSDT
2025-09-30 03:16:44.734,114319.3,0.001,BTCUSDT
2025-09-30 03:16:44.734,114319.3,0.001,BTCUSDT
2025-09-30 03:16:44.734,114319.3,0.001,BTCUSDT
2025-09-30 03:16:44.734,114319.3,0.001,BTCUSDT
2025-09-30 03:16:44.734,114319.5,0.002,BTCUSDT
2025-09-30 03:16:44.768,114319.8,0.001,BTCUSDT
2025-09-30 03:16:44.768,114319.8,0.021,BTCUSDT
2025-09-30 03:16:44.768,114319.8,0.001,BTCUSDT
2025-09-30 03:16:44.768,114319.8,0.001,BTCUSDT
2025-09-30 03:16:44.768,114319.8,0.001,BTCUSDT
2025-09-30 03:16:44.768,114319.8,0.001,BTCUSDT
2025-09-30 03:16:44.768,114319.8,0.001,BTCUSDT
2025-09-30 03:16:44.768,114319.8,0.001,BTCUSDT
2025-09-30 03:16:44.768,114320.0,0.001,BTCUSDT
2025-09-30 03:16:44.768,114320.0,0.01,BTCUSDT
2025-09-30 03:16:44.768,114320.1,0.002,BTCUSDT
2025-09-30 03:16:44.768,114320.7,0.002,BTCUSDT
2025-09-30 03:16:44.768,114321.0,0.001,BTCUSDT
2025-09-30 03:16:44.768,114321.3,0.002,BTCUSDT
2025-09-30 03:16:44.768,114321.5,0.002,BTCUSDT
2025-09-30 03:16:44.768,114321.9,0.001,BTCUSDT
2025-09-30 03:16:44.768,114322.3,0.002,BTCUSDT
2025-09-30 03:16:44.769,114322.5,0.007,BTCUSDT
2025-09-30 03:16:44.769,114322.6,0.002,BTCUSDT
2025-09-30 03:16:44.769,114322.7,0.001,BTCUSDT
2025-09-30 03:16:44.769,114322.7,0.006,BTCUSDT
2025-09-30 03:16:44.769,114322.8,0.027,BTCUSDT
2025-09-30 03:16:44.769,114322.9,0.002,BTCUSDT
2025-09-30 03:16:44.769,114322.9,0.002,BTCUSDT
2025-09-30 03:16:44.769,114322.9,0.005,BTCUSDT
2025-09-30 03:16:44.789,114322.9,0.001,BTCUSDT
2025-09-30 03:16:44.805,114323.1,0.001,BTCUSDT
2025-09-30 03:16:44.805,114323.1,0.001,BTCUSDT
2025-09-30 03:16:44.805,114323.1,0.001,BTCUSDT
2025-09-30 03:16:44.805,114323.1,0.002,BTCUSDT
2025-09-30 03:16:44.841,114323.1,0.004,BTCUSDT
2025-09-30 03:16:45.021,114323.0,0.012,BTCUSDT
2025-09-30 03:16:45.021,114323.0,0.031,BTCUSDT
2025-09-30 03:16:45.164,114323.0,0.199,BTCUSDT
2025-09-30 03:16:45.164,114323.0,0.23,BTCUSDT
2025-09-30 03:16:45.164,114323.0,0.261,BTCUSDT
2025-09-30 03:16:45.164,114323.0,0.044,BTCUSDT
2025-09-30 03:16:45.164,114323.0,0.044,BTCUSDT
2025-09-30 03:16:45.164,114323.0,0.129,BTCUSDT
2025-09-30 03:16:45.164,114323.0,0.093,BTCUSDT
2025-09-30 03:16:45.352,114323.1,0.002,BTCUSDT
2025-09-30 03:16:45.506,114323.0,0.012,BTCUSDT
2025-09-30 03:16:45.632,114323.1,0.017,BTCUSDT
2025-09-30 03:16:46.006,114323.0,0.041,BTCUSDT
2025-09-30 03:16:46.167,114323.1,0.046,BTCUSDT
2025-09-30 03:16:46.290,114323.0,0.001,BTCUSDT
